%% This BibTeX bibliography file was created using BibDesk.
%% http://bibdesk.sourceforge.net/


%% Created for Yuichi Shiraishi at 2014-09-08 13:21:39 -0500 


%% Saved with string encoding Unicode (UTF-8) 


@comment{jabref-meta: selector_publisher:}
@comment{jabref-meta: selector_author:}
@comment{jabref-meta: selector_journal:}
@comment{jabref-meta: selector_keywords:}


@Article{pmid25362482,
   Author="Totoki, Y.  and Tatsuno, K.  and Covington, K. R.  and Ueda, H.  and Creighton, C. J.  and Kato, M.  and Tsuji, S.  and Donehower, L. A.  and Slagle, B. L.  and Nakamura, H.  and Yamamoto, S.  and Shinbrot, E.  and Hama, N.  and Lehmkuhl, M.  and Hosoda, F.  and Arai, Y.  and Walker, K.  and Dahdouli, M.  and Gotoh, K.  and Nagae, G.  and Gingras, M. C.  and Muzny, D. M.  and Ojima, H.  and Shimada, K.  and Midorikawa, Y.  and Goss, J. A.  and Cotton, R.  and Hayashi, A.  and Shibahara, J.  and Ishikawa, S.  and Guiteau, J.  and Tanaka, M.  and Urushidate, T.  and Ohashi, S.  and Okada, N.  and Doddapaneni, H.  and Wang, M.  and Zhu, Y.  and Dinh, H.  and Okusaka, T.  and Kokudo, N.  and Kosuge, T.  and Takayama, T.  and Fukayama, M.  and Gibbs, R. A.  and Wheeler, D. A.  and Aburatani, H.  and Shibata, T. ",
   Title="{{T}rans-ancestry mutational landscape of hepatocellular carcinoma genomes}",
   Journal="Nat. Genet.",
   Year="2014",
   Volume="46",
   Number="12",
   Pages="1267--1273",
   Month="Dec"
}

@Article{pmid23187890,
   Author="Dellino, G. I.  and Cittaro, D.  and Piccioni, R.  and Luzi, L.  and Banfi, S.  and Segalla, S.  and Cesaroni, M.  and Mendoza-Maldonado, R.  and Giacca, M.  and Pelicci, P. G. ",
   Title="{{G}enome-wide mapping of human {D}{N}{A}-replication origins: levels of transcription at {O}{R}{C}1 sites regulate origin selection and replication timing}",
   Journal="Genome Res.",
   Year="2013",
   Volume="23",
   Number="1",
   Pages="1--11",
   Month="Jan"
}


@Article{pmid23303777,
   Author="Costello, M.  and Pugh, T. J.  and Fennell, T. J.  and Stewart, C.  and Lichtenstein, L.  and Meldrim, J. C.  and Fostel, J. L.  and Friedrich, D. C.  and Perrin, D.  and Dionne, D.  and Kim, S.  and Gabriel, S. B.  and Lander, E. S.  and Fisher, S.  and Getz, G. ",
   Title="{{D}iscovery and characterization of artifactual mutations in deep coverage targeted capture sequencing data due to oxidative {D}{N}{A} damage during sample preparation}",
   Journal="Nucleic Acids Res.",
   Year="2013",
   Volume="41",
   Number="6",
   Pages="e67",
   Month="Apr"
}


@Article{pmid25228659,
   Author="Shinbrot, E.  and Henninger, E. E.  and Weinhold, N.  and Covington, K. R.  and Goksenin, A. Y.  and Schultz, N.  and Chao, H.  and Doddapaneni, H.  and Muzny, D. M.  and Gibbs, R. A.  and Sander, C.  and Pursell, Z. F.  and Wheeler, D. A. ",
   Title="{{E}xonuclease mutations in {D}{N}{A} polymerase epsilon reveal replication strand specific mutation patterns and human origins of replication}",
   Journal="Genome Res.",
   Year="2014",
   Volume="24",
   Number="11",
   Pages="1740--1750",
   Month="Nov"
}


@article{eddelbuettel2011rcpp,
  title={Rcpp: Seamless R and C++ integration},
  author={Eddelbuettel, Dirk and Fran{\c{c}}ois, Romain and Allaire, J and Chambers, John and Bates, Douglas and Ushey, Kevin},
  journal={Journal of Statistical Software},
  volume={40},
  number={8},
  pages={1--18},
  year={2011}
}

@article{alexander2011enhancements,
  title={Enhancements to the ADMIXTURE algorithm for individual ancestry estimation},
  author={Alexander, David H and Lange, Kenneth},
  journal={BMC bioinformatics},
  volume={12},
  number={1},
  pages={246},
  year={2011},
  publisher={BioMed Central Ltd}
}


@article{akaike1974new,
  title={A new look at the statistical model identification},
  author={Akaike, Hirotugu},
  journal={Automatic Control, IEEE Transactions on},
  volume={19},
  number={6},
  pages={716--723},
  year={1974},
  publisher={Ieee}
}

@article{schwarz1978estimating,
  title={Estimating the dimension of a model},
  author={Schwarz, Gideon and others},
  journal={The annals of statistics},
  volume={6},
  number={2},
  pages={461--464},
  year={1978},
  publisher={Institute of Mathematical Statistics}
}

@article{stratton2009cancer,
  title={The cancer genome},
  author={Stratton, Michael R and Campbell, Peter J and Futreal, P Andrew},
  journal={Nature},
  volume={458},
  number={7239},
  pages={719--724},
  year={2009},
  publisher={Nature Publishing Group}
}

% 15748635 
@Article{pmid15748635,
   Author="Pfeifer, G. P.  and You, Y. H.  and Besaratinia, A. ",
   Title="{{M}utations induced by ultraviolet light}",
   Journal="Mutat. Res.",
   Year="2005",
   Volume="571",
   Number="1-2",
   Pages="19--31",
   Month="Apr"
}


% 12379884 
@Article{pmid12379884,
   Author="Pfeifer, G. P.  and Denissenko, M. F.  and Olivier, M.  and Tretyakova, N.  and Hecht, S. S.  and Hainaut, P. ",
   Title="{{T}obacco smoke carcinogens, {D}{N}{A} damage and p53 mutations in smoking-associated cancers}",
   Journal="Oncogene",
   Year="2002",
   Volume="21",
   Number="48",
   Pages="7435--7451",
   Month="Oct"
}


@article{varadhan2008simple,
  title={Simple and globally convergent methods for accelerating the convergence of any EM algorithm},
  author={Varadhan, Ravi and Roland, Christophe},
  journal={Scandinavian Journal of Statistics},
  volume={35},
  number={2},
  pages={335--353},
  year={2008},
  publisher={Wiley Online Library}
}

@inproceedings{Lee00algorithmsfor,
	Author = {Daniel D. Lee and H. Sebastian Seung},
	Booktitle = {In NIPS},
	Date-Added = {2014-09-08 18:16:59 +0000},
	Date-Modified = {2014-09-08 18:19:02 +0000},
	Pages = {556--562},
	Publisher = {MIT Press},
	Title = {Algorithms for Non-negative Matrix Factorization},
	Year = {2000}}

@article{pmid23628380,
	Author = {Fischer, A. and Illingworth, C. J. and Campbell, P. J. and Mustonen, V.},
	Journal = {Genome Biol.},
	Month = {Apr},
	Number = {4},
	Pages = {R39},
	Title = {{{E}{M}u: probabilistic inference of mutational processes and their localization in the cancer genome}},
	Volume = {14},
	Year = {2013}}

@article{pmid23318258,
	Author = {Alexandrov, L. B. and Nik-Zainal, S. and Wedge, D. C. and Campbell, P. J. and Stratton, M. R.},
	Journal = {Cell Rep},
	Month = {Jan},
	Number = {1},
	Pages = {246--259},
	Title = {{{D}eciphering signatures of mutational processes operative in human cancer}},
	Volume = {3},
	Year = {2013}}

@Article{pmid23926200,
   Author="Hoang, M. L.  and Chen, C. H.  and Sidorenko, V. S.  and He, J.  and Dickman, K. G.  and Yun, B. H.  and Moriya, M.  and Niknafs, N.  and Douville, C.  and Karchin, R.  and Turesky, R. J.  and Pu, Y. S.  and Vogelstein, B.  and Papadopoulos, N.  and Grollman, A. P.  and Kinzler, K. W.  and Rosenquist, T. A. ",
   Title="{{M}utational signature of aristolochic acid exposure as revealed by whole-exome sequencing}",
   Journal="Sci Transl Med",
   Year="2013",
   Volume="5",
   Number="197",
   Pages="197ra102",
   Month="Aug"
}

@article{pmid23945592,
	Author = {Alexandrov, L. B. and Nik-Zainal, S. and Wedge, D. C. and Aparicio, S. A. and Behjati, S. and Biankin, A. V. and Bignell, G. R. and Bolli, N. and Borg, A. and B?rresen-Dale, A. L. and Boyault, S. and Burkhardt, B. and Butler, A. P. and Caldas, C. and Davies, H. R. and Desmedt, C. and Eils, R. and Eyfjord, J. E. and Foekens, J. A. and Greaves, M. and Hosoda, F. and Hutter, B. and Ilicic, T. and Imbeaud, S. and Imielinski, M. and Imielinsk, M. and Jager, N. and Jones, D. T. and Jones, D. and Knappskog, S. and Kool, M. and Lakhani, S. R. and Lopez-Otin, C. and Martin, S. and Munshi, N. C. and Nakamura, H. and Northcott, P. A. and Pajic, M. and Papaemmanuil, E. and Paradiso, A. and Pearson, J. V. and Puente, X. S. and Raine, K. and Ramakrishna, M. and Richardson, A. L. and Richter, J. and Rosenstiel, P. and Schlesner, M. and Schumacher, T. N. and Span, P. N. and Teague, J. W. and Totoki, Y. and Tutt, A. N. and Valdes-Mas, R. and van Buuren, M. M. and van 't Veer, L. and Vincent-Salomon, A. and Waddell, N. and Yates, L. R. and Zucman-Rossi, J. and Futreal, P. A. and McDermott, U. and Lichter, P. and Meyerson, M. and Grimmond, S. M. and Siebert, R. and Campo, E. and Shibata, T. and Pfister, S. M. and Campbell, P. J. and Stratton, M. R. and Claviez, A. and Rosenwald, A. and Rosenwald, A. and Borkhardt, A. and Brors, B. and Radlwimmer, B. and Lawerenz, C. and Lopez, C. and Langenberger, D. and Karsch, D. and Lenze, D. and Kube, D. and Leich, E. and Richter, G. and Korbel, J. and Hoell, J. and Eils, J. and Hezaveh, K. and Trumper, L. and Rosolowski, M. and Weniger, M. and Rohde, M. and Kreuz, M. and Loeffler, M. and Schilhabel, M. and Dreyling, M. and Hansmann, M. L. and Hummel, M. and Szczepanowski, M. and Ammerpohl, O. and Stadler, P. F. and Moller, P. and Kuppers, R. and Haas, S. and Eberth, S. and Schreiber, S. and Bernhart, S. H. and Hoffmann, S. and Radomski, S. and Kostezka, U. and Klapper, W. and Sotiriou, C. and Larsimont, D. and Vincent, D. and Maetens, M. and Mariani, O. and Sieuwerts, A. M. and Martens, J. W. and Jonasson, J. G. and Treilleux, I. and Thomas, E. and Mac Grogan, G. and Mannina, C. and Arnould, L. and Burillier, L. and Merlin, J. L. and Lefebvre, M. and Bibeau, F. and Massemin, B. and Penault-Llorca, F. and Lopez, Q. and Mathieu, M. C. and Lonning, P. E. and Schlooz-Vries, M. and Tol, J. and van Laarhoven, H. and Sweep, F. and Bult, P.},
	Journal = {Nature},
	Month = {Aug},
	Number = {7463},
	Pages = {415--421},
	Title = {{{S}ignatures of mutational processes in human cancer}},
	Volume = {500},
	Year = {2013}}

@article{pmid22608084,
	Author = {Nik-Zainal, S. and Alexandrov, L. B. and Wedge, D. C. and Van Loo, P. and Greenman, C. D. and Raine, K. and Jones, D. and Hinton, J. and Marshall, J. and Stebbings, L. A. and Menzies, A. and Martin, S. and Leung, K. and Chen, L. and Leroy, C. and Ramakrishna, M. and Rance, R. and Lau, K. W. and Mudie, L. J. and Varela, I. and McBride, D. J. and Bignell, G. R. and Cooke, S. L. and Shlien, A. and Gamble, J. and Whitmore, I. and Maddison, M. and Tarpey, P. S. and Davies, H. R. and Papaemmanuil, E. and Stephens, P. J. and McLaren, S. and Butler, A. P. and Teague, J. W. and Jonsson, G. and Garber, J. E. and Silver, D. and Miron, P. and Fatima, A. and Boyault, S. and Langer?d, A. and Tutt, A. and Martens, J. W. and Aparicio, S. A. and Borg, A. and Salomon, A. V. and Thomas, G. and B?rresen-Dale, A. L. and Richardson, A. L. and Neuberger, M. S. and Futreal, P. A. and Campbell, P. J. and Stratton, M. R.},
	Journal = {Cell},
	Month = {May},
	Number = {5},
	Pages = {979--993},
	Title = {{{M}utational processes molding the genomes of 21 breast cancers}},
	Volume = {149},
	Year = {2012}}

@article{pmid10548103,
	Author = {Lee, D. D. and Seung, H. S.},
	Journal = {Nature},
	Month = {Oct},
	Number = {6755},
	Pages = {788--791},
	Title = {{{L}earning the parts of objects by non-negative matrix factorization}},
	Volume = {401},
	Year = {1999}}

@article{Blei:2003,
	Acmid = {944937},
	Author = {Blei, David M. and Ng, Andrew Y. and Jordan, Michael I.},
	Issn = {1532-4435},
	Issue_Date = {3/1/2003},
	Journal = {J. Mach. Learn. Res.},
	Month = mar,
	Numpages = {30},
	Pages = {993--1022},
	Publisher = {JMLR.org},
	Title = {Latent Dirichlet Allocation},
	Url = {http://dl.acm.org/citation.cfm?id=944919.944937},
	Volume = {3},
	Year = {2003},
	Bdsk-Url-1 = {http://dl.acm.org/citation.cfm?id=944919.944937}}

@article{pmid9683596,
	Author = {Krawczak, M. and Ball, E. V. and Cooper, D. N.},
	Journal = {Am. J. Hum. Genet.},
	Month = {Aug},
	Number = {2},
	Pages = {474--488},
	Title = {{{N}eighboring-nucleotide effects on the rates of germ-line single-base-pair substitution in human genes}},
	Volume = {63},
	Year = {1998}}

@article{pmid10835412,
	Author = {Pritchard, J. K. and Stephens, M. and Donnelly, P.},
	Journal = {Genetics},
	Month = {Jun},
	Number = {2},
	Pages = {945--959},
	Title = {{{I}nference of population structure using multilocus genotype data}},
	Volume = {155},
	Year = {2000}}

@article{pmid2172928,
	Author = {Schneider, T. D. and Stephens, R. M.},
	Journal = {Nucleic Acids Res.},
	Month = {Oct},
	Number = {20},
	Pages = {6097--6100},
	Title = {{{S}equence logos: a new way to display consensus sequences}},
	Volume = {18},
	Year = {1990}}

@article{pmid14872004,
	Author = {Griffiths, T. L. and Steyvers, M.},
	Journal = {Proc. Natl. Acad. Sci. U.S.A.},
	Month = {Apr},
	Pages = {5228--5235},
	Title = {{{F}inding scientific topics}},
	Volume = {101 Suppl 1},
	Year = {2004}}
	
@Article{pmid19648217,
   	Author="Alexander, D. H.  and Novembre, J.  and Lange, K. ",
   	Title="{{F}ast model-based estimation of ancestry in unrelated individuals}",
   	Journal="Genome Res.",
   	Year="2009",
   	Volume="19",
   	Number="9",
   	Pages="1655--1664",
   	Month="Sep"
}

@Article{pmid15016911,
   Author="Brunet, J. P.  and Tamayo, P.  and Golub, T. R.  and Mesirov, J. P. ",
   Title="{{M}etagenes and molecular pattern discovery using matrix factorization}",
   Journal="Proc. Natl. Acad. Sci. U.S.A.",
   Year="2004",
   Volume="101",
   Number="12",
   Pages="4164--4169",
   Month="Mar"
}

@inproceedings{smaragdis2003non,
  title={Non-negative matrix factorization for polyphonic music transcription},
  author={Smaragdis, Paris and Brown, Judith C},
  booktitle={Applications of Signal Processing to Audio and Acoustics, 2003 IEEE Workshop on.},
  pages={177--180},
  year={2003},
  organization={IEEE}
}

@inproceedings{xu2003document,
  title={Document clustering based on non-negative matrix factorization},
  author={Xu, Wei and Liu, Xin and Gong, Yihong},
  booktitle={Proceedings of the 26th annual international ACM SIGIR conference on Research and development in informaion retrieval},
  pages={267--273},
  year={2003},
  organization={ACM}
}

@inproceedings{teh2006collapsed,
  title={A collapsed variational Bayesian inference algorithm for latent Dirichlet allocation},
  author={Teh, Yee W and Newman, David and Welling, Max},
  booktitle={Advances in neural information processing systems},
  pages={1353--1360},
  year={2006}
}
	
@inproceedings{Hofmann:1999,
 	author = {Hofmann, Thomas},
 	title = {Probabilistic Latent Semantic Indexing},
 	booktitle = {Proceedings of the 22Nd Annual International ACM SIGIR Conference on Research and Development in Information Retrieval},
 	series = {SIGIR '99},
 	year = {1999},
 	isbn = {1-58113-096-1},
 	location = {Berkeley, California, USA},
 	pages = {50--57},
 	numpages = {8},
 	url = {http://doi.acm.org/10.1145/312624.312649},
 	doi = {10.1145/312624.312649},
 	acmid = {312649},
 	publisher = {ACM},
 	address = {New York, NY, USA},
} 

@article{raj2014variational,
  title={Variational Inference of Population Structure in Large SNP Datasets},
  author={Raj, Anil and Stephens, Matthew and Pritchard, Jonathan K},
  journal={Genetics},
  pages={genetics--114},
  year={2014},
  publisher={Genetics Soc America}
}


@article{taddy2011estimation,
  title={On estimation and selection for topic models},
  author={Taddy, Matthew A},
  journal={arXiv preprint arXiv:1109.4518},
  year={2011}
}


@article{zhou2011quasi,
  title={A quasi-Newton acceleration for high-dimensional optimization algorithms},
  author={Zhou, Hua and Alexander, David and Lange, Kenneth},
  journal={Statistics and computing},
  volume={21},
  number={2},
  pages={261--273},
  year={2011},
  publisher={Springer}
}

@article{ding2008equivalence,
  title={On the equivalence between non-negative matrix factorization and probabilistic latent semantic indexing},
  author={Ding, Chris and Li, Tao and Peng, Wei},
  journal={Computational Statistics \& Data Analysis},
  volume={52},
  number={8},
  pages={3913--3927},
  year={2008},
  publisher={Elsevier}
}

@article{tang2005estimation,
  title={Estimation of individual admixture: analytical and study design considerations},
  author={Tang, Hua and Peng, Jie and Wang, Pei and Risch, Neil J},
  journal={Genetic epidemiology},
  volume={28},
  number={4},
  pages={289--301},
  year={2005},
  publisher={Wiley Online Library}
}

@article{kulesza2012determinantal,
  title={Determinantal point processes for machine learning},
  author={Kulesza, Alex and Taskar, Ben},
  journal={arXiv preprint arXiv:1207.6083},
  year={2012}
}

@article{hoyer2004non,
  title={Non-negative matrix factorization with sparseness constraints},
  author={Hoyer, Patrik O},
  journal={The Journal of Machine Learning Research},
  volume={5},
  pages={1457--1469},
  year={2004},
  publisher={JMLR. org}
}

@article{engelhardt2010analysis,
  title={Analysis of population structure: a unifying framework and novel methods based on sparse factor analysis},
  author={Engelhardt, Barbara E and Stephens, Matthew},
  journal={PLoS genetics},
  volume={6},
  number={9},
  pages={e1001117},
  year={2010},
  publisher={Public Library of Science}
}

@article{fevotte2011algorithms,
  title={Algorithms for nonnegative matrix factorization with the $\beta$-divergence},
  author={F{\'e}votte, C{\'e}dric and Idier, J{\'e}r{\^o}me},
  journal={Neural Computation},
  volume={23},
  number={9},
  pages={2421--2456},
  year={2011},
  publisher={MIT Press}
}

@inproceedings{kwok2012priors,
  title={Priors for diversity in generative latent variable models},
  author={Kwok, James T and Adams, Ryan P},
  booktitle={Advances in Neural Information Processing Systems},
  pages={2996--3004},
  year={2012}
}

@article{basu1998robust,
  title={Robust and efficient estimation by minimising a density power divergence},
  author={Basu, Ayanendranath and Harris, Ian R and Hjort, Nils L and Jones, MC},
  journal={Biometrika},
  volume={85},
  number={3},
  pages={549--559},
  year={1998},
  publisher={Biometrika Trust}
}

@article{eguchi2001robustifying,
  title={Robustifying maximum likelihood estimation},
  author={Eguchi, Shinto and Kano, Yutaka},
  journal={Tokyo Institute of Statistical Mathematics, Tokyo, Japan, Tech. Rep},
  year={2001}
}

@article{teh2006hierarchical,
  title={Hierarchical dirichlet processes},
  author={Teh, Yee Whye and Jordan, Michael I and Beal, Matthew J and Blei, David M},
  journal={Journal of the american statistical association},
  volume={101},
  number={476},
  year={2006}
}
